2796 3273
1298 294 1330 334 4

325 403 710 483 AHaJtemporum
738 421 904 469 indicia
924 422 972 468 in
993 421 1095 482 sshoc
1111 420 1228 467 libro
1255 439 1351 468 non
1373 421 1542 468 inveni.
1599 420 1720 468 Nam
1733 439 1822 484 quo
1840 438 1964 468 anno
1981 421 2161 469 Memor
2192 423 2443 470 frondem

191 506 227 554 J
238 506 364 552 ovis
412 508 643 569 acceperit
688 508 717 554 i.
759 523 797 553 e.
845 508 894 553 in
935 522 1085 567 agone
1121 505 1384 567 Capitolino
1417 513 1659 554 coronatus
1693 507 1752 553 sit
1782 507 1850 567 (9)
1882 508 2138 565 nescimus;
2192 524 2278 555 nec
2321 509 2427 554 inde

198 590 449 653 quidquam
481 591 807 650 lucrifacimus,
859 591 983 653 quod
1014 591 1143 637 Paris
1178 591 1268 652 jam
1301 606 1329 636 a
1361 590 1624 638 Domitiano
1656 591 1905 638 trucidatus
1937 591 2121 654 lugetur
2153 592 2244 654 (1),
2289 592 2437 651 Silius,

194 674 272 735 qui
306 690 347 720 a.
386 676 477 720 100
510 682 716 722 mortuus
750 691 851 722 esse
887 675 1085 721 creditur
1117 674 1250 736 (Plin.
1285 674 1357 720 ΠΙ
1392 676 1418 720 7
1452 674 1641 721 Masson
1675 675 1731 721 de
1763 675 1842 722 vit.
1858 675 2057 737 Plin.‚p.
2083 676 2196 739 111)
2229 684 2277 723 ut
2309 677 2440 723 vivus

195 765 581 806 commemoratur
613 762 729 821 (48).
799 759 1016 808 Ceterum
1049 760 1185 805 etiam
1216 758 1291 805 hic
1323 758 1440 805 liber
1471 758 1542 806 bis
1576 759 1720 806 editus
1754 765 1843 817 est,
1884 775 1994 807 nam
2025 758 2123 807 XII
2158 762 2185 807 2
2219 760 2441 822 longior

195 842 476 889 undecimi
510 842 822 907 decimique
863 843 1044 890 libelli
1079 850 1288 890 artatus
1328 842 1490 890 labor
1522 859 1623 891 esse
1657 843 1841 904 dicitur,
1889 851 2040 891 utram
2074 844 2321 893 editionem
2351 861 2439 894 nos

195 927 463 987 habeamus,
497 927 722 975 incertum
755 935 836 976 est.

321 1011 452 1059 Libri
486 1013 650 1059 decimi
684 1013 929 1061 editionem
964 1012 1213 1060 secundam
1258 1026 1313 1059 eo
1346 1018 1553 1074 tempore
1593 1012 1815 1075 prodiisse
1865 1029 1954 1075 quo
1989 1013 2180 1077 Traiani
2211 1013 2381 1062 reditus
2415 1029 2440 1061 e

193 1095 448 1143 Germania
480 1103 559 1142 aut
590 1097 798 1160 proxime
830 1097 1034 1143 instabat
1067 1103 1144 1142 aut
1177 1103 1296 1141 certe
1323 1097 1688 1159 exspectabatur,
1724 1104 1917 1160 apparet
1949 1112 2005 1144 ex
2038 1113 2077 1144 c.
2113 1100 2140 1144 6
2176 1105 2221 1144 et
2256 1100 2306 1144 7:
2339 1099 2366 1145 i.
2400 1113 2439 1147 e.

190 1183 311 1226 inter
344 1181 448 1227 Oct.
483 1183 558 1227 vel
591 1183 711 1228 Nov.
747 1185 808 1227 97
845 1197 936 1244 quo
972 1182 1204 1244 Trajanus
1254 1181 1498 1243 adoptatus
1548 1188 1618 1226 est
1665 1189 1710 1226 et
1755 1182 1895 1227 finem
1926 1197 1968 1227 a.
2005 1184 2064 1228 99
2117 1197 2211 1245 quo
2243 1183 2440 1229 Romam

189 1267 390 1311 intravit.
458 1267 580 1312 Nam
613 1268 947 1328 epigrammata
984 1270 1007 1310 1
1029 1291 1091 1298 —
1112 1269 1137 1309 7
1172 1267 1218 1309 in
1252 1266 1438 1310 exordio
1472 1265 1574 1310 libri
1607 1267 1759 1327 posita
1801 1266 1938 1311 etiam
1983 1267 2059 1312 hic
2103 1274 2154 1312 ut
2198 1267 2306 1312 alibi
2353 1283 2439 1329 pro

192 1352 457 1397 novissimis
507 1351 725 1396 habenda
772 1367 874 1396 esse
925 1351 1136 1395 arbitror.
1204 1351 1288 1394 His
1322 1350 1458 1394 etiam
1492 1351 1886 1396 adnumerandum
1920 1359 1990 1396 est
2022 1367 2061 1397 c.
2097 1354 2160 1396 34
2204 1352 2260 1397 de
2294 1353 2440 1397 edicto

192 1437 404 1498 Trajani,
457 1453 547 1496 quo
581 1437 723 1482 vetuit
755 1453 814 1481 ne
848 1436 1036 1481 clientes
1071 1443 1116 1480 et
1147 1436 1294 1481 liberti
1328 1444 1550 1495 patronos
1584 1444 1855 1481 accusarent
1888 1436 2024 1492 (Plin.
2059 1452 2228 1496 paneg.
2267 1453 2304 1484 c.
2338 1438 2439 1498 42);

191 1521 317 1581 quod
349 1521 549 1566 Bachius
585 1521 662 1578 (D.
699 1520 889 1582 Trajan.
931 1536 967 1564 s.
1011 1520 1067 1564 de
1099 1519 1219 1580 legg.
1256 1520 1380 1581 Traj.
1421 1519 1538 1580 Imp.
1572 1520 1699 1580 Lips.
1739 1521 1857 1564 1747
1909 1535 1953 1580 p.
1993 1520 2072 1580 73)
2128 1521 2226 1565 sine
2280 1537 2443 1566 caussa

192 1620 235 1648 a..
269 1620 316 1664 p.
352 1603 406 1649 C.
446 1606 536 1647 100
569 1604 736 1648 tribuit.
771 1604 878 1648 Hoc
910 1604 1047 1663 igitur
1081 1603 1331 1664 Trajanum
1364 1611 1610 1664 antequam
1643 1603 1837 1648 Romam
1871 1604 2052 1659 rediret,
2087 1604 2281 1648 edixisse
2314 1611 2440 1664 puta-

190 1688 356 1732 bimus.
427 1687 604 1733 Contra
640 1691 722 1742 71,
774 1688 851 1732 ubi
885 1704 1058 1733 novum
1091 1689 1344 1748 principem
1393 1705 1489 1732 non
1521 1689 1619 1748 jam
1654 1688 1887 1732 dominum
1918 1703 2167 1748 regemque
2202 1689 2435 1749 appellan-

192 1772 302 1818 dum
336 1788 439 1818 esse
474 1772 601 1829 dicit,
659 1789 754 1817 non
789 1772 844 1816 de
880 1772 1082 1833 Trajano
1119 1772 1412 1832 cogitandum
1446 1788 1546 1817 esse
1580 1779 1728 1832 patet,
1778 1772 1858 1817 sed
1891 1772 1947 1817 de
1980 1772 2161 1829 Nerva,
2212 1773 2288 1833 qui
2321 1790 2360 1818 a.
2397 1774 2439 1819 d.

188 1857 304 1904 XVI
335 1857 397 1903 K.
432 1857 570 1903 Febr.
607 1859 665 1903 98
700 1856 825 1903 obiit.
878 1855 1163 1917 Capitolinus
1190 1856 1320 1917 (101)
1353 1864 1503 1903 utrum
1535 1857 1583 1902 in
1617 1856 1720 1902 aula
1751 1855 1931 1903 Nervae
1965 1873 2026 1902 an
2061 1855 2250 1918 Trajani
2283 1873 2439 1903 scurra

191 1941 429 1988 Palatinus
462 1942 617 1998 fuerit,
669 1943 893 1987 incertum
927 1949 1009 1986 est.
1086 1940 1238 1986 Etiam
1273 1957 1328 1986 ea
1361 1941 1712 2001 epigrammata,
1756 1942 1803 1986 in
1834 1942 1998 2002 quibus
2030 1948 2170 2002 poeta
2203 1942 2441 1987 consilium

187 2026 236 2071 in
286 2027 483 2086 patriam
532 2026 750 2071 redeundi
784 2025 1031 2070 identidem
1070 2033 1419 2081 commemorat,
1471 2025 1691 2085 imprimis
1737 2041 1791 2071 ea
1824 2025 1985 2085 quibus
2018 2024 2185 2070 librum
2220 2026 2440 2071 conclusit

189 2110 286 2166 (20.
324 2111 399 2154 37.
436 2111 509 2154 96.
550 2111 654 2155 103.
694 2111 804 2163 104)
854 2109 902 2153 in
936 2108 1080 2153 altera
1113 2109 1297 2153 demum
1331 2108 1527 2154 editione
1561 2109 1742 2169 adjecta
1777 2125 1877 2154 esse
1910 2109 2155 2153 verisimile
2190 2117 2272 2154 est.

317 2193 456 2249 Quod
504 2193 560 2238 de
602 2193 778 2255 Scorpo
818 2194 1042 2253 agitatore
1095 2192 1287 2238 circensi
1337 2193 1421 2238 sub
1462 2193 1726 2239 Domitiano
1777 2193 2073 2238 celeberrimo
2130 2191 2191 2251 (v.
2231 2194 2435 2239 Fabretti

185 2277 333 2325 Inscr.
370 2276 482 2338 273)
518 2278 543 2322 7
549 2280 591 2334 4,
628 2278 656 2324 5
697 2283 746 2323 ut
778 2276 834 2323 de
868 2276 974 2323 vivo
1010 2292 1161 2323 sermo
1195 2283 1284 2332 est,
1321 2276 1445 2338 cujus
1478 2293 1604 2322 mors
1637 2283 1926 2337 praematura
1957 2275 2138 2337 lugetur
2172 2277 2231 2322 50
2267 2284 2311 2322 et
2344 2279 2426 2324 53:

194 2361 242 2408 id
276 2376 460 2424 quoque
495 2360 663 2422 duplici
695 2361 828 2423 hujus
861 2360 964 2406 libri
1000 2360 1196 2406 editione
1229 2360 1359 2406 facile
1394 2360 1657 2422 explicatur.
1726 2360 1855 2418 Quae
1897 2360 2049 2422 elogia
2088 2360 2126 2407 si
2167 2376 2271 2407 cum
2302 2361 2374 2408 XI
2409 2366 2433 2409 1

187 2462 525 2508 comparamus,
560 2446 638 2491 ubi
671 2446 894 2507 porticum
913 2444 1092 2502 Quirini
1124 2445 1287 2491 fabulis
1322 2445 1378 2492 de
1397 2445 1575 2506 Scorpo
1608 2452 1654 2490 et
1684 2445 1877 2491 Incitato
1913 2452 2195 2506 strepentem
2222 2445 2436 2493 describit

187 2538 352 2594 poeta:
403 2530 679 2578 sententiam
713 2530 769 2577 de
802 2530 1000 2577 editione
1034 2529 1138 2576 libri
1169 2530 1241 2577 XI
1281 2547 1422 2592 supra
1460 2529 1689 2591 prolatam
1730 2530 1901 2591 optime
1935 2530 2196 2577 confirmari
2229 2539 2434 2592 apparet.

189 2617 409 2664 Ceterum
443 2631 581 2676 quum
612 2616 661 2661 in
694 2631 850 2676 progr.
900 2614 1029 2660 acad.
1062 2614 1168 2660 Alb.
1220 2618 1344 2661 1864
1374 2616 1411 2661 Ι.
1462 2630 1506 2676 p.
1542 2616 1569 2660 5
1620 2613 1711 2660 dixi
1740 2614 1789 2660 in
1828 2615 1919 2661 hoc
1950 2615 2070 2661 libro
2104 2614 2435 2675 epigrammata

186 2702 332 2748 videri
375 2717 432 2747 eo
465 2701 624 2747 ordine
656 2700 808 2762 posita
846 2715 947 2746 esse
990 2715 1080 2761 quo
1115 2700 1285 2762 scripta
1317 2700 1428 2755 sint,
1476 2705 1605 2756 (nam
1638 2702 1712 2745 24.
1745 2699 1921 2746 Martiis
1952 2699 2179 2746 Kalendis
2212 2700 2429 2761 scriptum

189 2792 273 2842 est,
308 2788 366 2832 51
404 2785 565 2847 Aprili,
602 2786 660 2831 62
695 2783 760 2846 (et
792 2784 872 2846 58)
904 2783 1043 2841 Julio,
1080 2785 1138 2829 87
1173 2783 1396 2830 Kalendis
1431 2783 1752 2840 Octobribus):
1784 2784 1899 2845 fugit
1930 2799 2004 2830 me
2040 2787 2125 2830 41:

794 2868 931 2909 Mense
957 2879 1057 2908 novo
1083 2868 1175 2908 Jani
1202 2871 1386 2916 veterem,
1414 2867 1625 2919 Proculeja,
1653 2869 1838 2909 maritum

797 2932 957 2973 Deseris
986 2935 1105 2982 atque
1128 2931 1244 2983 jubes
1272 2944 1334 2972 res
1362 2931 1439 2972 sibi
1465 2932 1611 2973 habere
1638 2944 1757 2973 novas
1785 2935 1856 2973 etc.

188 3008 315 3071 quod
346 3022 507 3054 mense
541 3007 764 3054 Januario
798 3007 1019 3067 scriptum
1051 3021 1154 3053 esse
1186 3008 1455 3067 putaverim.
