2796 3273
270 855 329 916 ln
374 867 642 915 definiendis
694 868 977 930 temporibus
1015 868 1234 914 fibromm
1269 868 1487 914 Martialis
1519 868 1566 914 x
1604 874 1649 913 et
1681 868 1751 913 x1
1798 869 1873 914 diu
1917 870 2117 915 incertus
2167 868 2316 926 haesi,
2368 869 2515 914 donec

271 955 494 1012 intellexi,
544 954 717 999 librum
748 953 1037 998 undecimum
1068 953 1195 1012 prius
1229 952 1508 1012 publicatum
1544 967 1645 997 esse
1687 968 1822 1012 quam
1856 953 2045 998 alteram
2079 952 2184 997 libri
2217 952 2378 997 decimi
2429 951 2518 996 edi·

277 1039 462 1095 tionem,
498 1053 620 1099 quae
653 1036 751 1083 sola
786 1022 857 1081 ad
878 1052 964 1081 nos
998 1036 1219 1097 pervenit.
1284 1035 1488 1080 Priorem
1522 1035 1646 1080 enim
1679 1034 1782 1080 libri
1813 1035 1859 1081 X
1891 1036 2136 1082 editionem
2179 1043 2287 1081 ante
2320 1042 2515 1081 mortem

273 1121 523 1169 Domitiani
568 1119 700 1182 (XIV
731 1119 836 1166 Kal.
873 1117 1094 1180 Octobr.),
1142 1119 1336 1165 fortasse
1370 1134 1493 1164 anno
1528 1120 1587 1164 96
1642 1118 1827 1163 ineunte
1875 1120 2078 1166 emisisse
2128 1119 2308 1165 videtur
2356 1126 2515 1180 poeta3

269 1206 385 1252 liber
417 1205 487 1251 XI
539 1204 858 1252 Saturnalibus
908 1203 1108 1264 ejusdem
1167 1203 1276 1248 anni
1329 1202 1509 1264 prodiit.
1593 1202 1732 1249 Anno
1777 1205 1834 1248 98
1884 1204 1958 1250 vel
1995 1204 2148 1265 potius
2196 1207 2254 1251 99
2290 1202 2512 1250 Martialis

267 1290 507 1337 consilium
555 1290 676 1352 cepit
723 1290 771 1335 in
802 1288 997 1355 patriam
1043 1287 1287 1346 redeundi;
1335 1294 1582 1349 antequam
1631 1294 1784 1334 autem
1815 1287 1989 1336 Urbem
2028 1289 2227 1351 reliquit,
2273 1290 2323 1335 fe
2335 1288 2515 1336 stina-

265 1390 379 1439 tam
422 1374 591 1422 illam
638 1373 844 1421 decimi
888 1389 1078 1421 curam
1119 1371 1313 1419 libelli
1352 1371 1416 1433 (X
1450 1374 1492 1429 2,
1533 1372 1577 1434 1)
1619 1372 1891 1422 retractavit.
1973 1373 2198 1421 Nimirum
2238 1373 2315 1421 vix
2360 1379 2515 1435 potest

266 1460 462 1505 dubitari
515 1460 626 1521 quin
667 1459 741 1504 hic
773 1458 956 1504 libellus
995 1457 1138 1503 multa
1180 1456 1474 1512 continuerit,
1532 1472 1649 1517 quae
1697 1457 1957 1505 Domitiano
2005 1459 2261 1522 imperante
2309 1459 2509 1505 maximo

265 1545 429 1605 plausu
463 1552 660 1605 excepta
694 1553 843 1600 erant,
895 1543 975 1588 sed
1007 1549 1181 1587 mutato
1224 1541 1415 1602 imperio
1449 1541 1752 1601 displicebant
1801 1550 1846 1588 et
1883 1543 2102 1589 lectorum
2144 1544 2508 1605 indignationem

264 1629 528 1675 movebant.
597 1627 839 1690 Ejusmodi
871 1627 1006 1688 igitur
1040 1627 1370 1688 epigrammata
1402 1626 1712 1686 suppressisse
1744 1635 1940 1687 poetam,
1972 1628 2160 1674 lacunas
2194 1628 2334 1674 libelli
2367 1627 2501 1674 novis

263 1713 532 1773 explevisse,
567 1713 812 1758 maximam
843 1713 1036 1758 fortasse
1067 1718 1245 1771 partem
1276 1712 1557 1755 immutatam
1589 1711 1825 1756 retinuisse
1857 1713 2129 1772 putabimus.

389 1797 582 1843 Librum
613 1796 686 1842 XI
717 1813 813 1842 non
846 1796 922 1841 diu
954 1803 1060 1856 post
1091 1802 1282 1840 mortem
1318 1794 1563 1839 Domitiani
1597 1795 1837 1854 prodiisse,
1882 1797 2032 1857 {epig-r.
2070 1799 2095 1840 7
2131 1797 2206 1842 vel
2232 1797 2390 1843 >solum
2425 1797 2500 1841 de-

262 1888 518 1927 monstrare
551 1888 723 1941 potest,
775 1898 863 1942 quo
910 1880 1049 1925 libido
1082 1878 1330 1925 Domitiani
1383 1895 1485 1923 cum
1534 1878 1713 1924 Nervae
1761 1880 1961 1926 castitate
1995 1889 2309 1941 comparatum
2348 1881 2503 1928 Satur-

262 1965 443 2011 nalibus
477 1964 719 2026 prodiisse,
753 1971 975 2010 testantur
1011 1965 1036 2008 2
1072 1970 1117 2008 et
1150 1965 1192 2008 6.

387 2049 540 2093 Etiam
576 2066 614 2092 c.
651 2051 710 2093 33
744 2049 900 2107 primis
936 2049 1043 2092 novi
1076 2047 1251 2107 imperii
1285 2047 1565 2105 temporibus
1600 2048 1818 2107 scriptum
1851 2064 1949 2092 esse
1966 2049 2156 2104 videtur,
2191 2066 2282 2110 quo
2299 2051 2486 2111 prasina

261 2135 397 2180 factio
452 2141 581 2192 post
629 2135 745 2177 fata
792 2133 1029 2177 Neronis
1079 2133 1215 2176 etiam
1267 2133 1420 2190 plures
1469 2132 1682 2175 victorias
1733 2149 1868 2191 quam
1916 2140 2053 2176 antea
2101 2134 2271 2177 referre
2313 2134 2494 2177 dicitur:

260 2219 399 2264 falsas
421 2218 558 2277 igitur
579 2205 836 2262 invidorum
858 2217 1194 2261 criminationes
1212 2233 1326 2270 esse,
1361 2217 1438 2275 qui
1471 2217 1680 2274 prasinos
1713 2217 1888 2275 palmas
1922 2234 2028 2261 suas
2061 2219 2219 2277 iniquo
2253 2218 2497 2262 Neronis

258 2304 405 2349 favori
454 2302 621 2347 debere
673 2302 1014 2347 clamitaverint.
1080 2301 1199 2346 Nam
1245 2301 1354 2362 quin
1388 2300 1472 2345 sub
1508 2300 1690 2345 Nerone
1722 2301 2008 2355 Domitianus
2048 2303 2379 2366 intellegendus
2415 2303 2485 2359 sit,

260 2405 395 2448 quem
412 2388 664 2432 Juvenalis.
683 2387 750 2430 IV
768 2389 829 2431 38
862 2387 1041 2430 calvum
1059 2387 1288 2429 Neronem
1324 2386 1582 2446 appellavit,
1618 2402 1709 2432 non
1746 2387 1913 2431 dubito.
1951 2386 2167 2432 Carmine
2203 2392 2243 2443 4,
2281 2391 2308 2433 5
2344 2396 2497 2432 autem

262 2489 403 2533 quum
434 2472 596 2517 tertius
632 2470 812 2517 Nervae
845 2470 1108 2515 consulatus
1144 2477 1534 2526 commemoretur,
1571 2470 1644 2529 qui
1678 2470 1833 2515 incidit
1865 2472 1914 2515 in
1947 2488 1988 2516 a.
2023 2475 2111 2516 97:

896 2565 945 2602 Et
975 2565 1039 2612 qui
1068 2567 1274 2612 purpureis
1299 2567 1381 2611 jam
1416 2566 1532 2602 tertia
1559 2566 1713 2602 nomina
1741 2565 1853 2603 fastis

895 2627 994 2668 Jane
1021 2625 1146 2666 refers
1173 2625 1324 2667 Nervae
1353 2649 1404 2655 —-

256 2704 456 2765 primum
489 2703 547 2748 ad
580 2703 712 2764 hujus
744 2702 853 2747 anni
873 2701 1131 2749 Saturnalia
1163 2702 1291 2747 hunc·
1309 2702 1484 2747 -librum
1515 2701 1742 2762 pertinere
1776 2702 2020 2748 arbitratus
2056 2719 2172 2749 sum.
2226 2703 2318 2750 Sed
2353 2719 2493 2764 quum

256 2787 542 2842 Parthenius,
578 2787 637 2832 ad
670 2803 804 2848 quem
838 2787 1032 2848 scriptus
1067 2795 1156 2844 est,
1192 2803 1232 2831 a.
1270 2789 1327 2831 97
1362 2785 1607 2831 trucidatus
1642 2786 1712 2843 sit,
1747 2787 2000 2832 Martialem
2034 2788 2063 2832 l.
2099 2788 2128 2833 1.
2164 2789 2221 2834 de
2255 2788 2494 2835 consulatu

255 2873 461 2935 proxime
494 2873 693 2918 instante
725 2873 1011 2934 imperatoris
1043 2872 1167 2933 loqui
1202 2878 1463 2918 statuemus.
1531 2870 1667 2927 Quod
1712 2871 1750 2917 si
1782 2888 1937 2918 verum
1979 2881 2069 2928 est,
2124 2874 2384 2921 Saturnalia
2416 2874 2493 2919 illa

254 2958 303 3003 in
335 2973 474 3003 carm.
509 2959 551 3015 2,
589 2959 630 3015 6,
672 2959 729 3002 15
764 2957 1018 3019 significata
1051 2956 1110 3001 ad
1142 2972 1183 3002 a.
1221 2959 1278 3002 96
1312 2956 1551 3001 referenda
1584 2962 1712 3001 sunt:

855 3040 1033 3079 Clamant
1060 3050 1149 3078 ecce
1176 3039 1252 3078 mei
1279 3039 1405 3087 „bona
1431 3038 1677 3078 Saturnalia“
1704 3051 1840 3079 versus

959 3103 1011 3142 Et
1037 3104 1128 3143 licet
1154 3107 1194 3143 et
1222 3103 1293 3143 sub
1321 3107 1360 3142 te
1386 3104 1566 3152 praeside
1593 3102 1724 3143 Nerva
1749 3104 1856 3143 libet.
